<?xml version="1.0" encoding="UTF-8"?><record xmlns="http://www.loc.gov/MARC21/slim" xmlns:cinclude="http://apache.org/cocoon/include/1.0" xmlns:zs="http://www.loc.gov/zing/srw/">
  <leader>00346cz  a2200121n  4500</leader>
  <controlfield tag="001">n  88043163 </controlfield>
  <controlfield tag="003">DLC</controlfield>
  <controlfield tag="005">19900213054750.3</controlfield>
  <controlfield tag="008">891208n| acannaab|          |n ana ||| c</controlfield>
  <datafield tag="010" ind1=" " ind2=" ">
    <subfield code="a">n  88043163 </subfield>
  </datafield>
  <datafield tag="040" ind1=" " ind2=" ">
    <subfield code="a">IEN</subfield>
    <subfield code="c">DLC</subfield>
  </datafield>
  <datafield tag="110" ind1="2" ind2="0">
    <subfield code="a">Court House Films</subfield>
  </datafield>
  <datafield tag="670" ind1=" " ind2=" ">
    <subfield code="a">The Sonnets of William Shakespeare [VR] c1988:</subfield>
    <subfield code="b">credits (Court House Films; production firm)</subfield>
  </datafield>
</record>